%Please define the key in the form: FirstAuthorSurname:JournalAbbrevVol:number}
%please sort the entries alphabetically with respect the key
%
@Article{Saleh:JCP155:144109,
  author       = {Saleh,Yahya and Sanjay, Vishnu and Iske, Armin and Yachmenev, Andrey and KÃ¼pper,
                  Jochen},
  title        = {Active learning of potential-energy surfaces of weakly bound complexes with
                  regression-tree ensembles},
  journal      = jcp,
  volume       = 155,
  number       = 14,
  pages        = 144109,
  year         = 2021,
  doi          = {10.1063/5.0057051},
  url          = {https://doi.org/10.1063/5.0057051},
  archiveprefix= {arXiv},
  eprint       = {2104.00708},
  primaryclass = {physics},
}


